<?xml version="1.0" encoding="UTF-8"?><collection xmlns="http://www.loc.gov/MARC21/slim"><record><leader>00415nam--2200133-i-4500</leader><controlfield tag="001">000035740</controlfield><controlfield tag="002">20161230</controlfield><controlfield tag="005">20161230201040</controlfield><controlfield tag="008">060222s1000------------r-----000-0-eng-d</controlfield><datafield ind1=" " ind2=" " tag="080"><subfield code="a">539.2:539.143.43</subfield></datafield><datafield ind1=" " ind2=" " tag="100"><subfield code="a">Nistor, S.V., Ursu, I</subfield></datafield><datafield ind1=" " ind2=" " tag="245"><subfield code="a">Esr parameters analysis of oxygen color centers in doped nacl single crystals</subfield></datafield><datafield ind1=" " ind2=" " tag="260"><subfield code="a">Bucharest, Institute For Atomic Physics, 1971. 16p.+5 Appendix</subfield></datafield><datafield ind1=" " ind2=" " tag="852"><subfield code="a">34128</subfield></datafield></record></collection>